<collection xmlns="http://www.loc.gov/MARC21/slim">
<record>
  <leader>01165nam0a2200253 i 450 </leader>
  <controlfield tag="001">IT\ICCU\CNCE\057246</controlfield>
  <controlfield tag="005">20160825000000.0</controlfield>
  <datafield tag="012" ind1=" " ind2=" ">
    <subfield code="a">o.to o,o. loo, e.no (C) 1590 (R)</subfield>
    <subfield code="2">fei</subfield>
  </datafield>
  <datafield tag="100" ind1=" " ind2=" ">
    <subfield code="a">20040407d1590        0itac0103    ba</subfield>
  </datafield>
  <datafield tag="101" ind1=" " ind2=" ">
    <subfield code="a">ITA</subfield>
  </datafield>
  <datafield tag="102" ind1=" " ind2=" ">
    <subfield code="a">IT</subfield>
  </datafield>
  <datafield tag="200" ind1="1" ind2=" ">
    <subfield code="a">Capitolo a Giesu Christo. Del m.r.p.m. Gioseppe Policreti. Dedicato al m.r. sig. mio osseruandiss. il p.f. Francesco Cicogna prior meritiss. di S. Francesco di Treuigi</subfield>
  </datafield>
  <datafield tag="210" ind1=" " ind2=" ">
    <subfield code="a">In Triuigi</subfield>
    <subfield code="c">appresso Angelo Mazzolini</subfield>
    <subfield code="d">1590</subfield>
  </datafield>
  <datafield tag="215" ind1=" " ind2=" ">
    <subfield code="a">3, \1! c.</subfield>
    <subfield code="d">4ʻ</subfield>
  </datafield>
  <datafield tag="620" ind1=" " ind2=" ">
    <subfield code="a">IT</subfield>
    <subfield code="d">Treviso</subfield>
  </datafield>
  <datafield tag="700" ind1=" " ind2="1">
    <subfield code="a">Policreti,</subfield>
    <subfield code="b">Giuseppe</subfield>
    <subfield code="3">IT\ICCU\CNCA\011880</subfield>
  </datafield>
  <datafield tag="712" ind1="0" ind2="0">
    <subfield code="a">Mazzolini, Angelo</subfield>
    <subfield code="3">IT\ICCU\CNCT\000961</subfield>
    <subfield code="4">650</subfield>
  </datafield>
  <datafield tag="790" ind1=" " ind2="1">
    <subfield code="a">Policreto,</subfield>
    <subfield code="b">Giuseppe</subfield>
    <subfield code="3">IT\ICCU\CNCA\011881</subfield>
    <subfield code="z">Policreti, Giuseppe</subfield>
  </datafield>
  <datafield tag="790" ind1=" " ind2="0">
    <subfield code="a">Pellegrino Accademico Cospirante</subfield>
    <subfield code="3">IT\ICCU\CNCA\014726</subfield>
    <subfield code="z">Policreti, Giuseppe</subfield>
  </datafield>
  <datafield tag="790" ind1=" " ind2="1">
    <subfield code="a">Policretti,</subfield>
    <subfield code="b">Giuseppe</subfield>
    <subfield code="3">IT\ICCU\CNCA\023007</subfield>
    <subfield code="z">Policreti, Giuseppe</subfield>
  </datafield>
  <datafield tag="790" ind1=" " ind2="1">
    <subfield code="a">Policretto,</subfield>
    <subfield code="b">Gioseffo</subfield>
    <subfield code="3">IT\ICCU\CNCA\025984</subfield>
    <subfield code="z">Policreti, Giuseppe</subfield>
  </datafield>
  <datafield tag="791" ind1="0" ind2="0">
    <subfield code="a">Mazzolinus, Angelus</subfield>
    <subfield code="3">IT\ICCU\CNCT\005147</subfield>
    <subfield code="z">Mazzolini, Angelo</subfield>
  </datafield>
  <datafield tag="801" ind1=" " ind2="3">
    <subfield code="a">IT</subfield>
    <subfield code="b">ICCU</subfield>
    <subfield code="c">20201115</subfield>
  </datafield>
  <datafield tag="899" ind1=" " ind2=" ">
    <subfield code="a">Biblioteca nazionale Marciana. Venezia</subfield>
    <subfield code="1">VE0049</subfield>
    <subfield code="2">VEA BM</subfield>
  </datafield>
</record>
</collection>
